<?xml version="1.0" encoding="UTF-8"?><collection xmlns="http://www.loc.gov/MARC21/slim"><record><leader>00300nam--2200121-i-4500</leader><controlfield tag="001">000045311</controlfield><controlfield tag="002">20161230</controlfield><controlfield tag="005">20161230201045</controlfield><controlfield tag="008">060222s1000------------r-----000-0-eng-d</controlfield><datafield ind1=" " ind2=" " tag="080"><subfield code="a">62:65</subfield></datafield><datafield ind1=" " ind2=" " tag="100"><subfield code="a">Technologie Transfer Forschung Industrie</subfield></datafield><datafield ind1=" " ind2=" " tag="245"><subfield code="a">Julich, kernforschun.,1988. 134 p</subfield></datafield><datafield ind1=" " ind2=" " tag="852"><subfield code="a">78693</subfield></datafield></record></collection>